<record xmlns="http://www.loc.gov/MARC21/slim" xmlns:xsi="http://www.w3.org/2001/XMLSchema-instance" xsi:schemaLocation="http://www.loc.gov/MARC21/slim http://www.loc.gov/standards/marcxml/schema/MARC21slim.xsd"><leader>01705nam a2200361   4500</leader><controlfield tag="001">001689320</controlfield><controlfield tag="003">NNU</controlfield><controlfield tag="006">m        d        </controlfield><controlfield tag="007">cr cn |||m|||a</controlfield><controlfield tag="008">150116s1949    le ac   o     000 mdara d</controlfield><datafield ind1=" " ind2=" " tag="040"><subfield code="a">NNU</subfield><subfield code="b">eng</subfield><subfield code="c">NNU</subfield></datafield><datafield ind1=" " ind2="4" tag="050"><subfield code="a">PJ7826.I2</subfield><subfield code="b">Z7 1949</subfield></datafield><datafield ind1=" " ind2=" " tag="066"><subfield code="c">(3</subfield></datafield><datafield ind1=" " ind2=" " tag="090"><subfield code="a">PJ7826.I2</subfield><subfield code="b">Z7 1949</subfield></datafield><datafield ind1="1" ind2=" " tag="100"><subfield code="6">880-01</subfield><subfield code="a">Gibran, Kahlil,</subfield><subfield code="d">1883-1931</subfield></datafield><datafield ind1="0" ind2="0" tag="240"><subfield code="a">Essays.</subfield><subfield code="k">Selections</subfield></datafield><datafield ind1="1" ind2="3" tag="245"><subfield code="6">880-02</subfield><subfield code="a">al-Majmu&#699;ah al-k&#257;milah li-mu&#700;allaf&#257;t Jubr&#257;n Kahl&#299;l Jubr&#257;n</subfield><subfield code="h">[electronic resource] /</subfield><subfield code="c">qaddama lah&#257; wa-&#700;shrafa &#699;ala tans&#299;qih&#257; M&#299;kh&#257; &#699;il Nu&#699;aymah.</subfield></datafield><datafield ind1=" " ind2=" " tag="260"><subfield code="6">880-03</subfield><subfield code="a">Bayr&#363;t :</subfield><subfield code="b">D&#257;r &#7778;&#257;dir,</subfield><subfield code="c">[1949]</subfield></datafield><datafield ind1=" " ind2=" " tag="300"><subfield code="a">online resource (3 v.) :</subfield><subfield code="b">ill.</subfield></datafield><datafield ind1=" " ind2=" " tag="500"><subfield code="a">In Arabic.</subfield></datafield><datafield ind1=" " ind2=" " tag="500"><subfield code="a">Part of the Arabic Collections Online (ACO) project, contributed by New York Univeristy Libraries.</subfield></datafield><datafield ind1=" " ind2=" " tag="533"><subfield code="a">Electronic reproduction.</subfield><subfield code="b">New York, N.Y. :</subfield><subfield code="c">New York University,</subfield><subfield code="d">2015.</subfield><subfield code="5">NNU</subfield></datafield><datafield ind1="1" ind2=" " tag="700"><subfield code="6">880-04</subfield><subfield code="a">Nu&#699;aymah, M&#299;kh&#257;&#700;&#299;l,</subfield><subfield code="d">1889-1988</subfield></datafield><datafield ind1="2" ind2=" " tag="710"><subfield code="a">New York University.</subfield><subfield code="b">Libraries.</subfield></datafield><datafield ind1="0" ind2=" " tag="730"><subfield code="a">Arabic Collections Online.</subfield></datafield><datafield ind1="0" ind2="8" tag="776"><subfield code="i">Print version:</subfield><subfield code="a">Gibran, Kahlil, 1883-1931 880-01</subfield><subfield code="t">al-Majmu&#699;ah al-k&#257;milah li-mu&#700;allaf&#257;t Jubr&#257;n Kahl&#299;l Jubr&#257;n</subfield><subfield code="w">(NNU)001689320</subfield></datafield><datafield ind1="4" ind2="0" tag="856"><subfield code="u">http://hdl.handle.net/2333.1/wdbrv3jk</subfield></datafield><datafield ind1="1" ind2=" " tag="880"><subfield code="6">100-01/</subfield><subfield code="a">&#1580;&#1576;&#1585;&#1575;&#1606;&#1548; &#1582;&#1604;&#1610;&#1604;.</subfield></datafield><datafield ind1="1" ind2="2" tag="880"><subfield code="6">245-02/</subfield><subfield code="a">&#1575;&#1604;&#1605;&#1580;&#1605;&#1608;&#1593;&#1577; &#1575;&#1604;&#1603;&#1575;&#1605;&#1604;&#1577; &#1604;&#1605;&#1572;&#1604;&#1601;&#1575;&#1578; &#1580;&#1576;&#1585;&#1575;&#1606; &#1582;&#1604;&#1610;&#1604; &#1580;&#1576;&#1585;&#1575;&#1606; /</subfield><subfield code="c">&#1602;&#1583;&#1605; &#1604;&#1607;&#1575; &#1608;&#1571;&#1588;&#1585;&#1601; &#1593;&#1604;&#1609; &#1578;&#1606;&#1587;&#1610;&#1602;&#1607;&#1575; &#1605;&#1582;&#1575;&#1574;&#1610;&#1604; &#1606;&#1593;&#1610;&#1605;&#1607;.</subfield></datafield><datafield ind1=" " ind2=" " tag="880"><subfield code="6">260-03/</subfield><subfield code="a">&#1576;&#1610;&#1585;&#1608;&#1578; :</subfield><subfield code="b">&#1583;&#1575;&#1585; &#1589;&#1575;&#1583;&#1585;&#1548;</subfield><subfield code="c">[1949]</subfield></datafield><datafield ind1="1" ind2=" " tag="880"><subfield code="6">700-04/</subfield><subfield code="a">&#1606;&#1593;&#1610;&#1605;&#1607;&#1548; &#1605;&#1610;&#1582;&#1575;&#1574;&#1610;&#1604;.</subfield></datafield><datafield ind1=" " ind2=" " tag="959"><subfield code="a">NNU</subfield><subfield code="b">WEB</subfield><subfield code="c">GENI</subfield><subfield code="t">0</subfield><subfield code="m">Electronic access</subfield><subfield code="s">01</subfield></datafield><datafield ind1=" " ind2=" " tag="999"><subfield code="i">NNU_001689320</subfield><subfield code="o" /><subfield code="e">(ERROR-880)</subfield></datafield></record>